@inproceedings{xu2016domain,
  title={Domain-specific cross-language relevant question retrieval},
  author={Xu, Bowen and Xing, Zhenchang and Xia, Xin and Lo, David and Wang, Qingye and Li, Shanping},
  booktitle={Proceedings of the 13th International Conference on Mining Software Repositories},
  pages={413--424},
  year={2016},
  organization={ACM}
}

@inproceedings{chen2016learning,
  title={Learning a dual-language vector space for domain-specific cross-lingual question retrieval},
  author={Chen, Guibin and Chen, Chunyang and Xing, Zhenchang and Xu, Bowen},
  booktitle={Automated Software Engineering (ASE), 2016 31st IEEE/ACM International Conference on},
  pages={744--755},
  year={2016},
  organization={IEEE}
}

@inproceedings{kim2007best,
  title={Best-answer selection criteria in a social Q\&A site from the user-oriented relevance perspective},
  author={Kim, Soojung and Oh, Jung Sun and Oh, Sanghee},
  journal={Proceedings of the Association for Information Science and Technology},
  volume={44},
  number={1},
  pages={1--15},
  year={2007},
  publisher={Wiley Online Library}
}

@misc{web:SOjapanese,
	title = {Stack Overflow in Japanese},
	howpublished = {\url{http://blog.stackoverflow.com/2014/12/stack-overflow-in-japanese/}},
	year = {2014},
	note = {Accessed: 2017-05-01}
}

@misc{web:SOportugese1,
	title = {Stack Overflow in Portugese: now with less beta!},
	howpublished = {\url{http://blog.stackoverflow.com/2015/06/stack-overflow-in-portuguese-now-with-less-beta/}},
	year = {2015},
	note = {Accessed: 2017-05-01}
}

@misc{web:SOportugese2,
	title = {Announcing Stack Overflow in Portuguese.},
	howpublished = {\url{http://blog.stackoverflow.com/2014/01/ola-mundo-announcing-stack-overflow-in-portuguese/}},
	year = {2014},
	note = {Accessed: 2017-05-01}
}

@misc{web:SOrussian,
	title = {Welcome, Nicolas Chabanovsky and Stack Overflow in Russian!},
	howpublished = {\url{http://blog.stackoverflow.com/2015/06/welcome-nicolas-chabanovsky-and-stack-overflow-in-russian/}},
	year = {2015},
	note = {Accessed: 2017-05-01}
}

@misc{web:SOspanish,
	title = {Stack Overflow en Espa√±ol has Graduated!},
	howpublished = {\url{https://stackoverflow.blog/2017/05/20/stack-overflow-en-espanol-graduated/}},
	year = {2017},
	note = {Accessed: 2018-03-25}
}



@misc{web:SOportugese,
	title = {Stack Overflow in Portugese: now with less beta!},
	howpublished = {\url{http://blog.stackoverflow.com/2015/06/stack-overflow-in-portuguese-now-with-less-beta/}},
	year = {2015},
	note = {Accessed: 2018-03-25}
}


@misc{web:SOenligsh,
	title = {Non-English Question Policy},
	howpublished = {\url{http://blog.stackoverflow.com/2009/07/non-english-question-policy/}},
	year = {2009},
	note = {Accessed: 2018-03-25}
}


@misc{web:SOdiscussion1,
	title = {Do the benefits of having SO in multiple languages outweigh the risks involved?},
	howpublished = {\url{https://meta.stackexchange.com/questions/194959/do-the-benefits-of-having-so-in-multiple-languages-outweigh-the-risks-involved}},
	year = {2013},
	note = {Accessed: 2018-03-25}
}

@misc{web:SOdiscussion2,
	title = {Should Spanish SO ( and all the similar variants) be closed?},
	howpublished = {\url{https://meta.stackexchange.com/questions/187805/should-spanish-so-and-all-the-similar-variants-be-closed}},
	year = {2013},
	note = {Accessed: 2018-03-25}
}

@misc{web:SOdiscussion3,
	title = {When will other sites follow Stack Overflow Portuguese},
	howpublished = {\url{https://meta.stackexchange.com/questions/236890/when-will-other-sites-follow-stack-overflow-portuguese/236892}},
	year = {2014},
	note = {Accessed: 2018-03-25}
}

@misc{web:SOdiscussion4,
	title = {Do posts have to be in English on Stack Exchange?},
	howpublished = {\url{https://meta.stackexchange.com/questions/13676/do-posts-have-to-be-in-english-on-stack-exchange/13684}},
	year = {2009},
	note = {Accessed: 2018-03-25}
}

@misc{web:SOdiscussion5,
	title = {Fluent in Spanish? We're hiring a Community Manager for a Spanish Stack Overflow},
	howpublished = {\url{https://meta.stackoverflow.com/questions/271998/fluent-in-spanish-were-hiring-a-community-manager-for-a-spanish-stack-overflow}},
	year = {2014},
	note = {Accessed: 2018-03-25}
}

@misc{web:SOdiscussion6,
	title = {Can't We All be Reasonable and Speak English?},
	howpublished = {\url{https://stackoverflow.blog/2014/02/13/cant-we-all-be-reasonable-and-speak-english/}},
	year = {2014},
	note = {Accessed: 2018-03-25}
}

@misc{web:QuoraDiscussion,
	title = {Quora in Spanish is Now Open to the World},
	howpublished = {\url{https://blog.quora.com/Quora-in-Spanish-is-Now-Open-to-the-World}},
	year = {2016},
	note = {Accessed: 2018-03-25}
}

@misc{web:StackExchange,
	title = {Stack Exchange Sites},
	howpublished = {\url{https://stackexchange.com/sites}},
	year = {2018},
	note = {Accessed: 2018-03-25}
}

@misc{web:associationBonus,
	title = {Cross-Site Account Associations},
	howpublished = {\url{https://stackoverflow.blog/2009/07/08/cross-site-account-associations/}},
	year = {2009},
	note = {Accessed: 2018-03-25}
}

@inproceedings{mamykina2011design,
  title={Design lessons from the fastest q\&a site in the west},
  author={Mamykina, Lena and Manoim, Bella and Mittal, Manas and Hripcsak, George and Hartmann, Bj{\"o}rn},
  booktitle={Proceedings of the SIGCHI conference on Human factors in computing systems},
  pages={2857--2866},
  year={2011},
  organization={ACM}
}

@inproceedings{mikolov2013distributed,
  title={Distributed representations of words and phrases and their compositionality},
  author={Mikolov, Tomas and Sutskever, Ilya and Chen, Kai and Corrado, Greg S and Dean, Jeff},
  booktitle={Advances in neural information processing systems},
  pages={3111--3119},
  year={2013}
}

@incollection{jolliffe1986principal,
  title={Principal component analysis and factor analysis},
  author={Jolliffe, Ian T},
  booktitle={Principal component analysis},
  pages={115--128},
  year={1986},
  publisher={Springer}
}

@article{sparck1972statistical,
  title={A statistical interpretation of term specificity and its application in retrieval},
  author={Sparck Jones, Karen},
  journal={Journal of documentation},
  volume={28},
  number={1},
  pages={11--21},
  year={1972},
  publisher={MCB UP Ltd}
}

@inproceedings{mihalcea2004textrank,
  title={Textrank: Bringing order into text},
  author={Mihalcea, Rada and Tarau, Paul},
  booktitle={Proceedings of the 2004 conference on empirical methods in natural language processing},
  year={2004}
}

@article{wu2016google,
  title={Google's neural machine translation system: Bridging the gap between human and machine translation},
  author={Wu, Yonghui and Schuster, Mike and Chen, Zhifeng and Le, Quoc V and Norouzi, Mohammad and Macherey, Wolfgang and Krikun, Maxim and Cao, Yuan and Gao, Qin and Macherey, Klaus and others},
  journal={arXiv preprint arXiv:1609.08144},
  year={2016}
}

@inproceedings{sutskever2014sequence,
  title={Sequence to sequence learning with neural networks},
  author={Sutskever, Ilya and Vinyals, Oriol and Le, Quoc V},
  booktitle={Advances in neural information processing systems},
  pages={3104--3112},
  year={2014}
}



@inproceedings{filatova2009multilingual,
  title={Multilingual wikipedia, summarization, and information trustworthiness},
  author={Filatova, Elena},
  booktitle={SIGIR workshop on information access in a multilingual world},
  volume={3},
  year={2009}
}

@inproceedings{hecht2010tower,
  title={The tower of Babel meets web 2.0: user-generated content and its applications in a multilingual context},
  author={Hecht, Brent and Gergle, Darren},
  booktitle={Proceedings of the SIGCHI conference on human factors in computing systems},
  pages={291--300},
  year={2010},
  organization={ACM}
}

@inproceedings{wang2012cross,
  title={Cross-lingual knowledge linking across wiki knowledge bases},
  author={Wang, Zhichun and Li, Juanzi and Wang, Zhigang and Tang, Jie},
  booktitle={Proceedings of the 21st international conference on World Wide Web},
  pages={459--468},
  year={2012},
  organization={ACM}
}

@inproceedings{wulczyn2016growing,
  title={Growing wikipedia across languages via recommendation},
  author={Wulczyn, Ellery and West, Robert and Zia, Leila and Leskovec, Jure},
  booktitle={Proceedings of the 25th International Conference on World Wide Web},
  pages={975--985},
  year={2016},
  organization={International World Wide Web Conferences Steering Committee}
}

@inproceedings{wang2014cross,
  title={Cross-language and Cross-encyclopedia Article Linking Using Mixed-language Topic Model and Hypernym Translation},
  author={Wang, Yu-Chun and Wu, Chun-Kai and Tsai, Richard Tzong-Han},
  booktitle={Proceedings of the 52nd Annual Meeting of the Association for Computational Linguistics (Volume 2: Short Papers)},
  volume={2},
  pages={586--591},
  year={2014}
}

@inproceedings{adar2009information,
  title={Information arbitrage across multi-lingual Wikipedia},
  author={Adar, Eytan and Skinner, Michael and Weld, Daniel S},
  booktitle={Proceedings of the Second ACM International Conference on Web Search and Data Mining},
  pages={94--103},
  year={2009},
  organization={ACM}
}

@inproceedings{kumaran2010wikibabel,
  title={WikiBABEL: A system for multilingual Wikipedia Content},
  author={Kumaran, A and Datha, Naren and Ashok, B and Saravanan, K and Ande, Anil and Sharma, Ashwani and Vedantham, Sridhar and Natampally, Vidya and Dendi, Vikram and Maurice, Sandor},
  booktitle={American Machine Translation Association (AMTA) Workshop},
  year={2010}
}

@inproceedings{bao2012omnipedia,
  title={Omnipedia: bridging the wikipedia language gap},
  author={Bao, Patti and Hecht, Brent and Carton, Samuel and Quaderi, Mahmood and Horn, Michael and Gergle, Darren},
  booktitle={Proceedings of the SIGCHI Conference on Human Factors in Computing Systems},
  pages={1075--1084},
  year={2012},
  organization={ACM}
}

@misc{web:googleTranslate,
	title = {Google Translate},
	howpublished = {\url{https://cloud.google.com/translate}},
	year = {2018},
	note = {Accessed: 2018-03-01}
}

@inproceedings{chen2016techland,
  title={Techland: Assisting technology landscape inquiries with insights from stack overflow},
  author={Chen, Chunyang and Xing, Zhenchang and Han, Lei},
  booktitle={Software Maintenance and Evolution (ICSME), 2016 IEEE International Conference on},
  pages={356--366},
  year={2016},
  organization={IEEE}
}

@article{zar1998spearman,
  title={Spearman rank correlation},
  author={Zar, Jerrold H},
  journal={Encyclopedia of Biostatistics},
  year={1998},
  publisher={Wiley Online Library}
}

@inproceedings{dominique2006qabetter,
  title={QA better than IR?},
  author={Dominique Laurent, Patrick Seguela and Sophie Negre},
  booktitle={EACL 2006 Workshop on Multilingual Question Answering - MLQA06},
  year={2006},
  organization={EACL}
}

@inproceedings{dominique2006qabetter,
  title={QA better than IR?},
  author={Dominique Laurent, Patrick Seguela and Sophie Negre},
  booktitle={EACL 2006 Workshop on Multilingual Question Answering - MLQA06},
  pages={1-8}
  year={2006},
  organization={EACL}
}

@inproceedings{Daniel2006adapting,
  title={Experiments Adapting an Open-Domain Question Answering System to the Geographical Domain Using Scope-Based Resources},
  author={Daniel Ferres, Horacio Rodriguez},
  booktitle={EACL 2006 Workshop on Multilingual Question Answering - MLQA06},
  pages={69-76}
  year={2006},
  organization={EACL}
}

@inproceedings{Anne2006evaluation,
  title={Evaluation and Improvement of Cross-Lingual Question Answering Strategies},
  author={Anne-Larure Ligozat, Brigitte Grau, Isabelle Robba and Anne Vilnat},
  booktitle={EACL 2006 Workshop on Multilingual Question Answering - MLQA06},
  pages={23-31}
  year={2006},
  organization={EACL}
}

@inproceedings{Teruko2006keyword,
  title={Keyword Translation Accuracy and Cross-Lingual Question Answering in Chinese and Japanese},
  author={Teruko Mitamura, Mengqiu Wang, Hideki Shima and Frank Lin},
  booktitle={EACL 2006 Workshop on Multilingual Question Answering - MLQA06},
  pages={31-38}
  year={2006},
  organization={EACL}
}

@inproceedings{Soojung2008,
  title={Best answer selection criteria in a social Q\&A site from the user-oriented relevance perspective},
  author={Soojung Kim, Jung Sun Oh and Sanghee Oh},
  booktitle={Proceedings of the Association for Information Science and Technology},
  volume={44}
  pages={1-5}
  year={2007}
}

@inproceedings{EWD2006mono,
  title={Monolingual Web-based Factoid Question Answering in Chinese, Swedish, English and Japanese},
  author={Teruko Mitamura, Mengqiu Wang, Hideki Shima and Frank Lin},
  booktitle={EACL 2006 Workshop on Multilingual Question Answering - MLQA06},
  pages={31-38}
  year={2006},
  organization={EACL}
}

@misc{web:WikipediaMultiLingual,
	title = {Wikipedia:Translate us},
	howpublished = {\url{https://en.wikipedia.org/wiki/Wikipedia:Translate_us}},
	year = {2018},
	note = {Accessed: 2018-04-15}
}

@inproceedings{kiros2015skip,
  title={Skip-thought vectors},
  author={Kiros, Ryan and Zhu, Yukun and Salakhutdinov, Ruslan R and Zemel, Richard and Urtasun, Raquel and Torralba, Antonio and Fidler, Sanja},
  booktitle={Advances in neural information processing systems},
  pages={3294--3302},
  year={2015}
}

@article{conneau2017supervised,
  title={Supervised learning of universal sentence representations from natural language inference data},
  author={Conneau, Alexis and Kiela, Douwe and Schwenk, Holger and Barrault, Loic and Bordes, Antoine},
  booktitle={Empirical Methods on Natural Language Processing},
  year={2017}
}